%% H/T to: https://www.doi2bib.org
@article{Delgado2015,
  doi = {10.1016/j.amc.2015.08.086},
  url = {https://doi.org/10.1016/j.amc.2015.08.086},
  year  = {2015},
  month = {Nov},
  publisher = {Elsevier {BV}},
  volume = {271},
  pages = {113--122},
  author = {Jorge Delgado and J.M. Pe{\~{n}}a},
  title = {Accurate evaluation of {B}{\'{e}}zier curves and surfaces and the {B}ernstein-{F}ourier algorithm},
  journal = {Applied Mathematics and Computation}
}
@article{Mainar1999,
  doi = {10.1023/a:1019190220312},
  url = {https://doi.org/10.1023/a:1019190220312},
  year  = {1999},
  publisher = {Springer Nature},
  volume = {22},
  number = {1},
  pages = {41--52},
  author = {E. Mainar and J.M. Pe{\~{n}}a},
  title = {Error analysis of corner cutting algorithms},
  journal = {Numerical Algorithms}
}
@book{Higham2002,
  doi = {10.1137/1.9780898718027},
  url = {https://doi.org/10.1137/1.9780898718027},
  year  = {2002},
  month = {Jan},
  publisher = {Society for Industrial and Applied Mathematics},
  author = {Nicholas J. Higham},
  title = {Accuracy and Stability of Numerical Algorithms}
}
@article{Schumaker1986,
  doi = {10.1016/0167-8396(86)90018-x},
  url = {https://doi.org/10.1016/0167-8396(86)90018-x},
  year  = {1986},
  month = {Aug},
  publisher = {Elsevier {BV}},
  volume = {3},
  number = {2},
  pages = {149--154},
  author = {Larry L. Schumaker and Wolfgang Volk},
  title = {Efficient evaluation of multivariate polynomials},
  journal = {Computer Aided Geometric Design}
}
@article{Delgado2009,
  doi = {10.1137/080745249},
  url = {https://doi.org/10.1137/080745249},
  year  = {2009},
  month = {Jan},
  publisher = {Society for Industrial {\&} Applied Mathematics ({SIAM})},
  volume = {31},
  number = {5},
  pages = {3905--3921},
  author = {Jorge Delgado and J. M. Pe{\~{n}}a},
  title = {Running Relative Error for the Evaluation of Polynomials},
  journal = {{SIAM} Journal on Scientific Computing}
}
@article{Farouki1987,
  doi = {10.1016/0167-8396(87)90012-4},
  url = {https://dx.doi.org/10.1016/0167-8396(87)90012-4},
  year  = {1987},
  month = {Nov},
  publisher = {Elsevier {BV}},
  volume = {4},
  number = {3},
  pages = {191--216},
  author = {R.T. Farouki and V.T. Rajan},
  title = {On the numerical condition of polynomials in {B}ernstein form},
  journal = {Computer Aided Geometric Design}
}
@article{Mainar2005,
  doi = {10.1007/s00607-005-0149-8},
  url = {https://doi.org/10.1007/s00607-005-0149-8},
  year  = {2005},
  month = {Dec},
  publisher = {Springer Nature},
  volume = {77},
  number = {1},
  pages = {97--111},
  author = {E. Mainar and J. M. Pe{\~{n}}a},
  title = {Running {E}rror {A}nalysis of {E}valuation {A}lgorithms for {B}ivariate {P}olynomials in {B}arycentric {B}ernstein {F}orm},
  journal = {Computing}
}
@techreport{Kahan1972,
  title = {Conserving confluence curbs ill-condition},
  author = {William Kahan},
  year = {1972},
  month = {Aug},
  institution = {UC Berkeley Department of Computer Science}
}
